<?xml version="1.0" encoding="UTF-8"?><collection xmlns="http://www.loc.gov/MARC21/slim"><record><leader>00428nam--2200169-i-4500</leader><controlfield tag="001">000006267</controlfield><controlfield tag="002">20161230</controlfield><controlfield tag="005">20161230201026</controlfield><controlfield tag="008">060222s1000------------r-----000-0-eng-d</controlfield><datafield ind1=" " ind2=" " tag="040"><subfield code="a">IFIN-HH</subfield></datafield><datafield ind1=" " ind2=" " tag="080"><subfield code="a">530.16</subfield></datafield><datafield ind1="1" ind2=" " tag="100"><subfield code="a">Brown, G. E</subfield></datafield><datafield ind1="1" ind2="0" tag="245"><subfield code="a">Lectures on many-body problems. part i</subfield><subfield code="c">G.e. brown</subfield></datafield><datafield ind1=" " ind2=" " tag="260"><subfield code="a">Copenhagen</subfield><subfield code="b">Nordita</subfield><subfield code="c">1971</subfield></datafield><datafield ind1=" " ind2=" " tag="300"><subfield code="a">/PAG.DIF.</subfield></datafield><datafield ind1=" " ind2=" " tag="852"><subfield code="a">18715</subfield><subfield code="c">539.141</subfield></datafield><datafield ind1=" " ind2=" " tag="CAT"><subfield code="a">Sys</subfield><subfield code="c">20120417</subfield><subfield code="h">145350</subfield></datafield></record></collection>